@article{bohm2020probabilistic,
  title={Probabilistic auto-encoder},
  author={B{\"o}hm, Vanessa and Seljak, Uro{\v{s}}},
  journal={arXiv preprint arXiv:2006.05479},
  year={2020}
}

@inproceedings{liu2008isolation,
  title={Isolation forest},
  author={Liu, Fei Tony and Ting, Kai Ming and Zhou, Zhi-Hua},
  booktitle={2008 eighth ieee international conference on data mining},
  pages={413--422},
  year={2008},
  organization={IEEE}
}

@article{molero2013analysis,
  title={Analysis and optimizations of global and local versions of the RX algorithm for anomaly detection in hyperspectral data},
  author={Molero, Jos{\'e} Manuel and Garzon, Ester M and Garcia, Inmaculada and Plaza, Antonio},
  journal={IEEE journal of selected topics in applied earth observations and remote sensing},
  volume={6},
  number={2},
  pages={801--814},
  year={2013},
  publisher={IEEE}
}

@article{reed1990adaptive,
  title={Adaptive multiple-band CFAR detection of an optical pattern with unknown spectral distribution},
  author={Reed, Irving S and Yu, Xiaoli},
  journal={IEEE transactions on acoustics, speech, and signal processing},
  volume={38},
  number={10},
  pages={1760--1770},
  year={1990},
  publisher={IEEE}
}

@article{campos2016evaluation,
  title={On the evaluation of unsupervised outlier detection: measures, datasets, and an empirical study},
  author={Campos, Guilherme O and Zimek, Arthur and Sander, J{\"o}rg and Campello, Ricardo JGB and Micenkov{\'a}, Barbora and Schubert, Erich and Assent, Ira and Houle, Michael E},
  journal={Data mining and knowledge discovery},
  volume={30},
  number={4},
  pages={891--927},
  year={2016},
  publisher={Springer}
}

@InProceedings{wagstaff:demud13,
  author =       {Kiri L.~Wagstaff and Nina L.~Lanza and David R.~Thompson and Thomas G.~Dietterich and Martha S.~Gilmore},
  title =        {Guiding Scientific Discovery with Explanations using {DEMUD} },
  booktitle = {Proceedings of the Twenty-Seventh Conference on Artificial Intelligence},
  pages =     {905--911},
  year =      {2013},
}

@Article{burl:rockster16,
  author =       {Michael C. Burl and David R. Thompson and Charles deGranville and Benjamin J. Bornstein},
  title =        {Rockster: Onboard rock segmentation through edge regrouping},
  journal =      {Journal of Aerospace Information Systems},
  year =         {2016},
  volume =    {13},
  pages =     {329--342},
}

@article{zhao:pyod19,
  author  = {Zhao, Yue and Nasrullah, Zain and Li, Zheng},
  title   = {PyOD: A Python toolbox for scalable outlier detection},
  journal = {Journal of Machine Learning Research},
  year    = {2019},
  volume  = {20},
  number  = {96},
  pages   = {1-7},
  url     = {http://jmlr.org/papers/v20/19-011.html}
}

@article{kerner2020comparison,
  title={Comparison of novelty detection methods for multispectral images in rover-based planetary exploration missions},
  author={Kerner, Hannah R and Wagstaff, Kiri L and Bue, Brian D and Wellington, Danika F and Jacob, Samantha and Horton, Paul and Bell, James F and Kwan, Chiman and Amor, Heni Ben},
  journal={Data Mining and Knowledge Discovery},
  volume={34},
  number={6},
  pages={1642--1675},
  year={2020},
  publisher={Springer}
}

@InProceedings{wagstaff:des-anom20,
  author =       {Kiri L. Wagstaff and Eric Huff and Umaa Rebbapragada},
  title =        {Machine-assisted discovery through identification and explanation of anomalies in astronomical surveys}, 
  booktitle = {Proceedings of the Astronomical Data Analysis Software and Systems Conference},
  year =      {2020},
  OPTpages =     {},
}

@InProceedings{wagstaff:rover-novelty20,
  author =       {Kiri L. Wagstaff and Raymond Francis and Hannah Kerner and Steven Lu and Favour Nerrise and James F. Bell III and Gary Doran and Umaa Rebbapragada},
  title =        {Novelty-driven onboard targeting for Mars rovers},
  booktitle = {Proceedings of the International Symposium on Artificial Intelligence, Robotics and Automation in Space},
  year =      {2020},
}

@inproceedings{tseng2021learning,
  title={Learning To Predict Crop Type From Heterogeneous Sparse Labels Using Meta-Learning},
  author={Tseng, Gabriel and Kerner, Hannah and Nakalembe, Catherine and Becker-Reshef, Inbal},
  booktitle={Proceedings of the IEEE/CVF Conference on Computer Vision and Pattern Recognition},
  pages={1111--1120},
  year={2021}
}


@InProceedings{sipple:neg-sampling20,
  title = {Interpretable, Multidimensional, Multimodal Anomaly Detection with Negative Sampling for Detection of Device Failure},
  author = {Sipple, John},
  booktitle = {Proceedings of the 37th International Conference on Machine Learning},
  pages = {9016--9025},
  year = {2020},
  volume = {119},
  month = {13--18 Jul},
}


@Misc{planetdata,
  author =    "Planet Team",
  organization = {Planet},
  title =     {Planet Application Program Interface: In Space for Life on Earth},
  year =      {2018--},
  url = "https://api.planet.com"
}