@article{kerner2020comparison,
  title={Comparison of novelty detection methods for multispectral images in rover-based planetary exploration missions},
  author={Kerner, Hannah R and Wagstaff, Kiri L and Bue, Brian D and Wellington, Danika F and Jacob, Samantha and Horton, Paul and Bell, James F and Kwan, Chiman and Amor, Heni Ben},
  journal={Data Mining and Knowledge Discovery},
  volume={34},
  number={6},
  pages={1642--1675},
  year={2020},
  publisher={Springer}
}